%% This BibTeX bibliography file was created using BibDesk.
%% http://bibdesk.sourceforge.net/

%% Created for Martin Grebac at 2014-11-11 19:05:26 +0100 
%% Saved with string encoding Unicode (UTF-8) 

@techreport{json,
	Annote = {http://tools.ietf.org/html/rfc7159},
	Author = {T. Bray, Ed.},
	Date-Added = {2014-11-11 17:58:34 +0000},
	Date-Modified = {2014-11-11 18:02:25 +0000},
	Institution = {IETF},
	Month = {March},
	Number = {2070-1721},
	Title = {The JavaScript Object Notation (JSON) Data Interchange Format},
	Type = {{RFC}},
	Year = {2014}}

@techreport{jsonwikipedia,
	Date-Added = {2014-11-11 17:52:10 +0000},
	Date-Modified = {2014-11-11 17:58:30 +0000},
	Institution = {Wikipedia},
	Month = {November},
	Url = {http://en.wikipedia.org/wiki/JSON},
	Year = {2014}}

@techreport{restwikipedia,
	Institution = {Wikipedia},
	Note = {See http://en.wikipedia.org/wiki/Representational\_State\_Transfer},
	Title = {{Representational} {State} {Transfer}},
	Type = {Web Site}}

@techreport{rest,
	Author = {R. Fielding},
	Institution = {University of California, Irvine},
	Note = {See http://roy.gbiv.com/pubs/dissertation/top.htm},
	Title = {{Architectural} {Styles} and the {Design} of {Network-based} {Software} {Architectures}},
	Type = {Ph.D Dissertation},
	Year = 2000}

@techreport{restwiki,
	Note = {See http://rest.blueoxen.net/cgi-bin/wiki.pl},
	Title = {{REST} {Wiki}},
	Type = {Web Site}}

@techreport{jaxb20,
	Author = {Joseph Fialli and Sekhar Vajjhala},
	Institution = {JCP},
	Month = {August},
	Note = {See http://jcp.org/en/jsr/detail?id=222},
	Title = {The {Java} {Architecture} for {XML} {Binding} ({JAXB}) 2.0},
	Type = {{JSR}},
	Year = 2003}

@techreport{uri,
	Author = {T. Berners-Lee and R. Fielding and L. Masinter},
	Institution = {IETF},
	Month = {January},
	Note = {See http://www.ietf.org/rfc/rfc3986.txt},
	Title = {{RFC} 3986: {Uniform} {Resource} {Identifier} ({URI}): {Generic} {Syntax}},
	Type = {{RFC}},
	Year = 2005}

@techreport{javalang,
	Author = {James Gosling and Bill Joy and Guy Steele and Gilad Bracha},
	Institution = {Sun Microsystems, Inc},
	Note = {http://java.sun.com/docs/books/jls/second\_edition/html/j.title.doc.html},
	Title = {The {Java} {Language} {Specification} - Second Edition},
	Type = {{Book}},
	Year = 2000}

@techreport{jsr250,
	Author = {Rajiv Mordani},
	Institution = {JCP},
	Month = {July},
	Note = {See http://jcp.org/en/jsr/detail?id=250},
	Title = {{Common} {Annotations} for the {Java} {Platform}},
	Type = {{JSR}},
	Year = 2005}

@techreport{bv11,
	Author = {Emmanuel Bernard},
	Institution = {JCP},
	Month = {March},
	Note = {See http://jcp.org/en/jsr/detail?id=349},
	Title = {{Bean} {Validation} {1.1}},
	Type = {{JSR}},
	Year = 2013}

@techreport{jsonp,
	Author = {Jitendra Kotamraju},
	Institution = {JCP},
	Month = {March},
	Note = {See http://jcp.org/en/jsr/detail?id=353},
	Title = {{Java} {API} {for} {JSON} {Processing}},
	Type = {{JSR}},
	Year = 2013}
